@online{wireshark,
    title = "Wireshark: A Packet Inspection Tool",
    url  = "https://www.wireshark.org"
}
@article{DBLP:journals/corr/abs-1905-00631,
  author    = {Dennis Mantz and
               Jiska Classen and
               Matthias Schulz and
               Matthias Hollick},
  title     = {InternalBlue - Bluetooth Binary Patching and Experimentation Framework},
  journal   = {CoRR},
  volume    = {abs/1905.00631},
  year      = {2019},
  url       = {http://arxiv.org/abs/1905.00631},
  eprinttype = {arXiv},
  eprint    = {1905.00631},
  timestamp = {Wed, 03 Jul 2019 13:14:33 +0200},
  biburl    = {https://dblp.org/rec/journals/corr/abs-1905-00631.bib},
  bibsource = {dblp computer science bibliography, https://dblp.org}
}

@online{hideme,
	title = "Hide.Me VPN",
	url  = "https://hide.me/en/"
}

@online{hotspotshield,
    title = "Hotspot Shield VPN",
    url  = "https://www.hotspotshield.com"
}
@online{vpngate,
    title = "VPNGate: Free VPN service provider",
    url  = "https://www.vpngate.net"
}

@online{createap,
    title = "Create\_ap script to create access points, DNS servers etc.",
    url  = "https://github.com/oblique/create\_ap"
}

@online{nginx,
    title = "Nginx: An open source server",
    url  = {https://nginx.org/en/},
    key = {nginx},
}

@online{panda,
    title = "Panda 150Mbps MidRange Wireless N USB Adapater",
    url  = "https://www.amazon.com/Panda-150Mbps-Wireless-Adapter-Antenna/dp/B004AC0L4Y"
}

@inproceedings {vpnleaks,
	author = {Nian Xue and Yashaswi Malla and Zihang Xia and Christina P{\"o}pper and Mathy Vanhoef},
	title = {Bypassing Tunnels: Leaking {VPN} Client Traffic by Abusing Routing Tables},
	booktitle = {32nd USENIX Security Symposium (USENIX Security 23)},
	year = {2023},
	isbn = {978-1-939133-37-3},
	address = {Anaheim, CA},
	pages = {5719--5736},
	url = {https://www.usenix.org/conference/usenixsecurity23/presentation/xue},
	publisher = {USENIX Association},
	month = aug
}